@book{inteloptimize,
    author        = {{Intel Corporation}},
    title         = {{Intel\textsuperscript{\textregistered} 64 and IA-32 Architectures Optimization Reference Manual}},
    year          = {2014},
    month         = {September},
    number        = {248966-030},
}
@article{jia2014caffe,
  Author = {Jia, Yangqing and Shelhamer, Evan and Donahue, Jeff and Karayev, Sergey and Long, Jonathan and Girshick, Ross and Guadarrama, Sergio and Darrell, Trevor},
  Journal = {arXiv preprint arXiv:1408.5093},
  Title = {Caffe: Convolutional Architecture for Fast Feature Embedding},
  Year = {2014}
}
@inproceedings{diem2013icdar,
  title={ICDAR 2013 Competition on Handwritten Digit Recognition (HDRC 2013)},
  author={Diem, Markus and Fiel, Stefan and Garz, Angelika and Keglevic, Manuel and Kleber, Florian and Sablatnig, Robert},
  booktitle={Document Analysis and Recognition (ICDAR), 2013 12th International Conference on},
  pages={1422--1427},
  year={2013},
  organization={IEEE}
}
@article{liu2003handwritten,
  title={Handwritten digit recognition: benchmarking of state-of-the-art techniques},
  author={Liu, Cheng-Lin and Nakashima, Kazuki and Sako, Hiroshi and Fujisawa, Hiromichi},
  journal={Pattern Recognition},
  volume={36},
  number={10},
  pages={2271--2285},
  year={2003},
  publisher={Elsevier}
}
@inproceedings{lazebnik2006beyond,
  title={Beyond bags of features: Spatial pyramid matching for recognizing natural scene categories},
  author={Lazebnik, Svetlana and Schmid, Cordelia and Ponce, Jean},
  booktitle={Computer Vision and Pattern Recognition, 2006 IEEE Computer Society Conference on},
  volume={2},
  pages={2169--2178},
  year={2006},
  organization={IEEE}
}
@inproceedings{ciresan2012multi,
  title={Multi-column deep neural networks for image classification},
  author={Ciresan, Dan and Meier, Ueli and Schmidhuber, J{\"u}rgen},
  booktitle={Computer Vision and Pattern Recognition (CVPR), 2012 IEEE Conference on},
  pages={3642--3649},
  year={2012},
  organization={IEEE}
}
@incollection{gil2014handwritten,
  title={Handwritten Digit Recognition Using SVM Binary Classifiers and Unbalanced Decision Trees},
  author={Gil, Adriano Mendes and Costa Filho, C{\'\i}cero Ferreira Fernandes and Costa, Marly Guimar{\~a}es Fernandes},
  booktitle={Image Analysis and Recognition},
  pages={246--255},
  year={2014},
  publisher={Springer}
}

@MISC{Maji09fastand,
    author = {Subhransu Maji and Jitendra Malik},
    title = {Fast and Accurate Digit Classification},
    year = {2009}
}
@inproceedings{larochelle2007empirical,
  title={An empirical evaluation of deep architectures on problems with many factors of variation},
  author={Larochelle, Hugo and Erhan, Dumitru and Courville, Aaron and Bergstra, James and Bengio, Yoshua},
  booktitle={Proceedings of the 24th international conference on Machine learning},
  pages={473--480},
  year={2007},
  organization={ACM}
}
@incollection{chen2006combining,
  title={Combining SVMs with various feature selection strategies},
  author={Chen, Yi-Wei and Lin, Chih-Jen},
  booktitle={Feature extraction},
  pages={315--324},
  year={2006},
  publisher={Springer}
}
@incollection{imagenet,
    title = {ImageNet Classification with Deep Convolutional Neural Networks},
    author = {Alex Krizhevsky and Sutskever, Ilya and Geoffrey E. Hinton},
    booktitle = {Advances in Neural Information Processing Systems 25},
    editor = {F. Pereira and C.J.C. Burges and L. Bottou and K.Q. Weinberger},
    pages = {1097--1105},
    year = {2012},
    publisher = {Curran Associates, Inc.},
    url = {http://papers.nips.cc/paper/4824-imagenet-classification-with-deep-convolutional-neural-networks.pdf}
}
@inproceedings {lecun-01a,
    author =    "LeCun, Y. and Bottou, L. and Bengio, Y. and Haffner, P.",
    title =     "Gradient-Based Learning Applied to Document Recognition",
    booktitle =     "Intelligent Signal Processing",
    editors =       "Haykin, S. and Kosko, B.",
    pages =         "306-351",
    publisher =     "IEEE Press",
    year =      2001
}
@article{hubel,
    title = { Brain Mechanisms of Vision },
    author = { David H. Hubel and Torsten N. Wiesel},
    journal = {Scientific American, INC},
    year = {1979}
}
@misc{nvidia,
    title = { Accelerate Machine Learning with the cuDNN Deep Neural Network Library},
    author = {Larry Brown},
    year = {2014},
    url = {http://devblogs.nvidia.com/parallelforall/accelerate-machine-learning-cudnn-deep-neural-network-library} 
}
@incollection{numpy,
    title = {Numpy},
    editor = {Numpy developers},
    year = {2013},
    url = {http://www.numpy.org/}
}
@incollection{backprop,
    title = {An Introduction to Back-Propagation Neural Networks},
    author = {Pete McCollum},
    year = {2014},
    publisher = {Encoder, The Newsletter of the Seattle Robotics Society},
    url = {http://www.seattlerobotics.org/encoder/nov98/neural.html}
}

@incollection{nn,
    title = {Probabilistic neural networks for classification, mapping, or associative memory},
    author = {Donald F. Spech},
    pages = {525--532},
    year = {1988},
    publisher = {Proceedings of International Conference on Neural Networks}
}
@incollection{regression,
    title = {A General Regression Neural Network},
    author = {Donald F. Specht},
    pages = {568--576},
    year = {1991},
    publisher = {IEEE Transcations on Neural Network,vol2}
}
@incollection{prob,
    title = {Probabilistic neural networks},
    author = {Donald F. Spech},
    pages = {109--118},
    year = {1990},
    publisher = {Neural Networks, Vol.3}
}

